@Article{gale62a,
  title = {College Admissions and the Stability of Marriage},
  author = {David Gale and Lloyd S. Shapley},
  journal = {The American Mathematical Monthly},
  volume = 69,
  number = 1,
  pages =	{9--15},
  url =	{http://www.jstor.org/stable/2312726},
  ISSN = 00029890,
  publisher =	{Mathematical Association of America},
  year = 1962,
}

@manual{netlogo,
	title = {NetLogo},
	author = "Uri Wilensky",
	note = "\url{https://ccl.northwestern.edu/netlogo/}",
	year = "2016, Accessed March 16, 2016"
}

@book{9780199297818,
  Author = {Nicholas Barr},
  Title = {Economics of the Welfare State},
  Publisher = {Oxford University Press},
  Year = {2012},
  ISBN = {0199297819},
}

@book{camerer2003behavioral,
  title={Behavioral game theory: Experiments in strategic interaction},
  author={Camerer, Colin},
  year={2003},
  publisher={Princeton University Press},
  ISBN = {9781400840885},
}

@article{gibbons1997gametheory,
	author={Robert Gibbons},
	title={An Introduction to Applicable Game Theory},
	year=1997,
	journal={The Journal of Economic Perspectives},
	volume=11,
	pages={127-149},
	url={http://web.mit.edu/rgibbons/www/Gibbons_An%20Introduction%20to%20Applicable%20Game%20Theory.pdf}
}

@book{roth1992two,
  title={Two-sided matching: A study in game-theoretic modeling and analysis},
  author={Roth, Alvin E and Sotomayor, Marilda A Oliveira},
  number={18},
  year={1992},
  publisher={Cambridge University Press},
}
